<record><leader>00000cas a22000007a 4500</leader><controlfield tag="001">22943942</controlfield><controlfield tag="008">910110d18431844nhuwr ne      0    0eng d</controlfield><datafield ind1=" " ind2=" " tag="010"><subfield code="a">sn 90062617 </subfield></datafield><datafield ind1=" " ind2=" " tag="040"><subfield code="a">NVH</subfield><subfield code="b">eng</subfield><subfield code="c">NVH</subfield><subfield code="d">OCLCQ</subfield></datafield><datafield ind1=" " ind2=" " tag="042"><subfield code="a">msc</subfield></datafield><datafield ind1="0" ind2="0" tag="245"><subfield code="a">Washingtonian and philanthropist.</subfield></datafield><datafield ind1=" " ind2=" " tag="260"><subfield code="a">Portsmouth [N.H.] :</subfield><subfield code="b">Fabyan &amp; Laighton</subfield></datafield><datafield ind1=" " ind2=" " tag="300"><subfield code="a">v.</subfield></datafield><datafield ind1=" " ind2=" " tag="310"><subfield code="a">Weekly</subfield></datafield><datafield ind1="0" ind2=" " tag="362"><subfield code="a">Vol. 3, no. 1 (Nov. 9, 1843)-</subfield></datafield><datafield ind1="1" ind2=" " tag="362"><subfield code="a">Ceased in 1844.</subfield></datafield><datafield ind1=" " ind2=" " tag="752"><subfield code="a">United States</subfield><subfield code="b">New Hampshire</subfield><subfield code="c">Rockingham</subfield><subfield code="d">Portsmouth.</subfield></datafield><datafield ind1="0" ind2="0" tag="780"><subfield code="t">Portsmouth Washingtonian</subfield><subfield code="w">(DLC)sn 90062616</subfield></datafield><datafield ind1="0" ind2="0" tag="785"><subfield code="t">Olive leaf (Portsmouth, N.H.)</subfield><subfield code="w">(DLC)sn 90062618</subfield></datafield></record>